@article{hillaire_2020,
    title   =   {A Scalable and Production Ready Sky and Atmosphere Rendering Technique},
    volume  =   {39},
    DOI     =   {10.1111/cgf.14050},
    number  =   {4}, 
    journal =   {Computer Graphics Forum},
    author  =   {Sébastien Hillaire},
    year    =   2020,
    pages   =   {13-–22}
}

@article{costa_bock_emmart_hansen_ynnerman_silva_2021,
    title   =   {Interactive Visualization of Atmospheric Effects for Celestial Bodies},
    volume  =   {27},
    DOI     =   {10.1109/tvcg.2020.3030333},
    number  =   {2},
    journal =   {IEEE Transactions on Visualization and Computer Graphics},
    author  =   {Costa, Jonathas and Bock,
                 Alexander and Emmart,
                 Carter and Hansen,
                 Charles and Ynnerman,
                 Anders and Silva,
                 Claudio}, 
    year    =   {2021},
    pages={785–-795}
}

@book{petty_2006,
    place       =   {Madison, WI},
    title       =   {A first course in atmospheric radiation},
    publisher   =   {Sundog Pub.},
    author      =   {Petty, Grant W.},
    year={2006}
}

@article{bruneton_neyret_2008,
    title   =   {Precomputed Atmospheric Scattering},
    volume  =   {27},
    DOI     =   {10.1111/j.1467-8659.2008.01245.x},
    number  =   {4},
    journal =   {Computer Graphics Forum},
    author  =   {Bruneton, Eric and Neyret, Fabrice},
    year    =   {2008},
    pages   =   {1079–1086}
}

@misc{lague_2019,
    title = {Coding Adventure: Clouds},
    year = {2019},
    organization = {Youtube},
    author = {Lague, Sebastian},
    url = {https://www.youtube.com/watch?v=4QOcCGI6xOU},
    howpublished = {https://www.youtube.com/watch?v=4QOcCGI6xOU},
}

@misc{overvoorde_2021,
    title={Frames in flight, Vulkan Tutorial},
    year={2021},
    url={https://vulkan-tutorial.com/Drawing_a_triangle/Drawing/Frames_in_flight},
    journal={Vulkan Tutorial},
    author={Overvoorde, Alexander}
} 

@misc{tardif_2019,
    title        = {Adaptive Exposure from Luminance Histograms},
    url          = {https://www.alextardif.com/HistogramLuminance.html},
    howpublished = {https://www.alextardif.com/HistogramLuminance.html},
    journal      = {Alex Tardif: Graphics Engineer},
    author       = {Tardif, Alex},
    year         = {2019}
} 

@article{gonzalez_2009,
    title        = {Measurement of areas on a sphere using Fibonacci and latitude–longitude lattices},
    volume={42},
    DOI={10.1007/s11004-009-9257-x},
    number={1},
    journal={Mathematical Geosciences},
    author={González, Álvaro},
    year={2009},
    pages={49–64}
} 

@inproceedings{hillaire2016physically,
  title={Physically based sky, atmosphere and cloud rendering in frostbite},
  author={Hillaire, Sbastien},
  booktitle={ACM SIGGRAPH},
  year={2016}
}

@article{schneider2015real,
  title={The real-time volumetric cloudscapes of horizon: Zero dawn},
  author={Schneider, Andrew and Vos, Nathan},
  journal={SIGGRAPH Course note in Advance in Real-Time Rendering in Games},
  year={2015}
}

@misc{narkowicz2016aces,
  title={Aces Filmic Tone Mapping Curve},
  author={Narkowicz, Krzysztof},
  year={2016},
  howpublished = {https://knarkowicz.wordpress.com/2016/01/06/aces-filmic-tone-mapping-curve/}
}

@incollection{uchimura2018practical,
  title={Practical HDR and wide color techniques in gran turismo SPORT},
  author={Uchimura, Hajime and Suzuki, Kentaro},
  booktitle={SIGGRAPH Asia 2018 Courses},
  pages={1--4},
  year={2018}
}

@unpublished{lottes2016,
title= {Advanced Techniques and Optimization of HDR Color Pipelines},
author = {Timothy Lottes},
year = {2016},
note= {Game Developers Conference},
URL= {https://www.gdcvault.com/play/1023512/Advanced-Graphics-Techniques-Tutorial-Day},
}

@article{yusov2014high,
  title={High performance outdoor light scattering using epipolar sampling},
  author={Yusov, Egor},
  journal={GPU Pro},
  volume={5},
  pages={101--126},
  year={2014}
}

@article{kallweit2017deep,
  title={Deep scattering: Rendering atmospheric clouds with radiance-predicting neural networks},
  author={Kallweit, Simon and M{\"u}ller, Thomas and Mcwilliams, Brian and Gross, Markus and Nov{\'a}k, Jan},
  journal={ACM Transactions on Graphics (TOG)},
  volume={36},
  number={6},
  pages={1--11},
  year={2017},
  publisher={ACM New York, NY, USA}
}

@article{wilkie2021fitted,
  title={A fitted radiance and attenuation model for realistic atmospheres},
  author={Wilkie, Alexander and Vevoda, Petr and Bashford-Rogers, Thomas and Ho{\v{s}}ek, Luk{\'a}{\v{s}} and Iser, Tom{\'a}{\v{s}} and Kol{\'a}{\v{r}}ov{\'a}, Monika and Rittig, Tobias and K{\v{r}}iv{\'a}nek, Jaroslav},
  journal={ACM Transactions on Graphics (TOG)},
  volume={40},
  number={4},
  pages={1--14},
  year={2021},
  publisher={ACM New York, NY, USA}
}

@inproceedings{yusov2014clouds,
  title={High-Performance Rendering of Realistic Cumulus Clouds Using Pre-computed Lighting.},
  author={Yusov, Egor},
  booktitle={High Performance Graphics},
  pages={127--136},
  year={2014}
}

@article{hess1998optical,
  title={Optical properties of aerosols and clouds: The software package OPAC},
  author={Hess, Michael and Koepke, Peter and Schult, Ingrid},
  journal={Bulletin of the American meteorological society},
  volume={79},
  number={5},
  pages={831--844},
  year={1998},
  publisher={American Meteorological Society}
}

@article{kokhanovsky2004optical,
  title={Optical properties of terrestrial clouds},
  author={Kokhanovsky, Alexander},
  journal={Earth-Science Reviews},
  volume={64},
  number={3-4},
  pages={189--241},
  year={2004},
  publisher={Elsevier}
}

@inproceedings{bouthors2008interactive,
  title={Interactive multiple anisotropic scattering in clouds},
  author={Bouthors, Antoine and Neyret, Fabrice and Max, Nelson and Bruneton, Eric and Crassin, Cyril},
  booktitle={Proceedings of the 2008 symposium on Interactive 3D graphics and games},
  pages={173--182},
  year={2008}
}

@article{hosek2012analytic,
  title={An analytic model for full spectral sky-dome radiance},
  author={Hosek, Lukas and Wilkie, Alexander},
  journal={ACM Transactions on Graphics (TOG)},
  volume={31},
  number={4},
  pages={1--9},
  year={2012},
  publisher={ACM New York, NY, USA}
}